@article{Sims1980,
author = {Sims, Christopher A.},
journal = {Econometrica},
number = {1},
pages = {1--48},
title = {{Macroeconomics and Reality}},
volume = {48},
year = {1980}
}
@article{Sims1972,
author = {Sims, Christopher A.},
journal = {The American Economic Review},
number = {4},
pages = {540 -- 552},
title = {{Money, Income, and Causality}},
volume = {62},
year = {1972}
}
@article{Jeantheau1998,
author = {Jeantheau, Thierry},
journal = {Econometric Theory},
number = {01},
pages = {70--86},
title = {{Strong Consistency of Estimators for Multivariate ARCH Models}},
volume = {14},
year = {1998}
}
@article{Conrad2010,
author = {Conrad, Christian and Karanasos, Menelaos},
journal = {Econometric Theory},
number = {3},
pages = {838--862},
title = {{Negative Volatility Spillovers in the Unrestricted ECCC-GARCH Model}},
volume = {26},
year = {2010}
}
@article{Bollerslev1990,
author = {Bollerslev, Tim},
journal = {The Review of Economics and Statistics},
number = {3},
pages = {498--505},
title = {{Modelling the Coherence in Short-Run Nominal Exchange Rates: A Multivariate Generalized ARCH Model}},
volume = {72},
year = {1990}
}
@article{He2004,
author = {He, Changli and Ter\"{a}svirta, Timo},
journal = {Econometric Theory},
pages = {904--926},
title = {{An Extended Constant Conditional Correlation Garch Model and Its Fourth-Moment Structure}},
volume = {20},
year = {2004}
}
@article{ling_asymptotic_2003,
author = {Ling, Shiqing and McAleer, Michael},
journal = {Econometric Theory},
number = {2},
pages = {280--310},
title = {{Asymtotic Theory for a Vector ARMA-GARCH Model}},
volume = {19},
year = {2003}
}
@article{Hafner2008b,
author = {Hafner, Christian M. and Herwartz, Helmut},
journal = {Metrika},
number = {2},
pages = {219--239},
title = {{Analytical Quasi Maximum Likelihood Inference in Multivariate Volatility Models}},
volume = {67},
year = {2008}
}
@article{Fiorentini2003,
author = {Fiorentini, Gabriele and Sentana, Enrique and Calzolari, Giorgio},
journal = {Journal of Business \& Economic Statistics},
number = {4},
pages = {532--546},
title = {{Maximum Likelihood Estimation and Inference in Multivariate Conditionally Heteroscedastic Dynamic Regression Models With Student t Innovations}},
volume = {21},
year = {2003}
}
@article{Chib1995,
author = {Chib, Siddhartha and Greenberg, Edward},
journal = {The American Statistician},
number = {4},
pages = {327},
title = {{Understanding the Metropolis-Hastings Algorithm}},
volume = {49},
year = {1995}
}
@article{Vrontos2003,
author = {Vrontos, I. D. and Dellaportas, P. and Politis, D. N.},
journal = {Journal of Forecasting},
number = {6-7},
pages = {427--446},
title = {{Inference for Some Multivariate ARCH and GARCH Models}},
volume = {22},
year = {2003}
}
@article{Deschamps2006,
author = {Deschamps, Philippe J.},
journal = {Journal of Econometrics},
number = {1},
pages = {153--190},
title = {{A Flexible Prior Distribution for Markov Switching Autoregressions with Student-t Errors}},
volume = {133},
year = {2006}
}

@article{Geweke1999,
author = {Geweke, John},
journal = {Econometric Reviews},
keywords = {MCMC,bayes,mdd},
number = {1},
pages = {1--73},
title = {{Using Simulation Methods for Bayesian Econometric Models: Inference, Development,and Communication}},
volume = {18},
year = {1999}
}
@book{Geweke2005,
author = {Geweke, John},
publisher = { John Wiley \& Sons, Inc.},
title = {{Contemporary Bayesian Econometrics and Statistics}},
url = {http://books.google.com/books?id=0cWkYlBb8DwC},
year = {2005}
}



@article{Bauwens1998,
author = {Bauwens, Luc and Lubrano, Michel},
journal = {Econometrics Journal},
number = {1},
pages = {C23--C46},
title = {{Bayesian Inference on GARCH Models Using the Gibbs Sampler}},
volume = {1},
year = {1998}
}
@article{Boudjellaba1992,
author = {Boudjellaba, Hafida and Dufour, Jean-Marie and Roy, Roch},
journal = {Journal of the American Statistical Association},
number = {420},
pages = {1082--1090},
title = {{Testing Causality Between Two Vectors in Multivariate Autoregressive Moving Average Models}},
volume = {87},
year = {1992}
}
@article{Boudjellaba1994,
author = {Boudjellaba, Hafida and Dufour, Jean-Marie and Roy, Roch},
journal = {Journal of Econometrics},
pages = {271--287},
title = {{Simplified Conditions for Noncausality Between Vectors in Multivariate ARMA Models}},
volume = {63},
year = {1994}
}
@incollection{Robins1986,
author = {Robins, R. P. and Granger, C. W. J. and Engle, Robert F.},
booktitle = {Model Reliability},
pages = {1--17},
publisher = {The MIT Press},
title = {{Wholesale and Retail Prices: Bivariate Time-Series Modeling with forecastable Error Variances}},
year = {1986}
}
@article{Granger1969,
author = {Granger, C. W. J.},
journal = {Econometrica},
number = {3},
pages = {424--438},
title = {{Investigating Causal Relations by Econometric Models and Cross-spectral Methods}},
volume = {37},
year = {1969}
}
@article{Comte2000,
author = {Comte, Fabienne and Lieberman, Offer},
journal = {Journal of Time Series Analysis},
number = {5},
pages = {535--557},
title = {{Second-Order Noncausality in Multivariate GARCH Processes}},
volume = {21},
year = {2000}
}
@article{Comte2003,
author = {Comte, Fabienne and Lieberman, Offer},
journal = {Journal of Multivariate Analysis},
number = {1},
pages = {61--84},
title = {{Asymptotic Theory for Multivariate GARCH Processes}},
volume = {84},
year = {2003}
}
@article{Florens1985,
author = {Florens, J. P. and Mouchart, M.},
journal = {Econometrica},
number = {1},
pages = {157--176},
title = {{A Linear Theory for Noncausality}},
volume = {53},
year = {1985}
}
@book{Lutkepohl1993,
author = {L\"{u}tkepohl, Helmut},
publisher = {Springer-Verlag},
title = {{Introduction to Multiple Time Series Analysis}},
year = {1993}
}

@article{Nakatani2009,
author = {Nakatani, Tomoaki and Ter\"{a}svirta, Timo},
journal = {Econometrics Journal},
number = {1},
pages = {147--163},
title = {{Testing for Volatility Interactions in the Constant Conditional Correlation GARCH Model}},
volume = {12},
year = {2009}
}
@article{Hafner2008c,
author = {Hafner, Christian M. and Herwartz, Helmut},
journal = {Annales d'\'{E}conomie et de Statistique},
pages = {215--241},
title = {{Testing for Causality in Variance Using Multivariate GARCH Models}},
volume = {89},
year = {2008}
}
@article{Lutkepohl1997,
author = {L\"{u}tkepohl, Helmut and Burda, Maike M.},
journal = {Journal of Econometrics},
number = {1},
pages = {315--332},
title = {{Modified Wald Tests Under Nonregular Conditions}},
volume = {78},
year = {1997}
}
@article{Dufour1998,
author = {Dufour, Jean-Marie and Renault, Eric},
journal = {Econometrica},
number = {5},
pages = {1099--1125},
title = {{Short Run and Long Run Causality in Time Series : Theory}},
volume = {66},
year = {1998}
}
@article{Dufour2006,
author = {Dufour, Jean-Marie and Pelletier, Denis and Renault, Eric},
journal = {Journal of Econometrics},
number = {2},
pages = {337--362},
title = {{Short Run and Long Run Causality in Time Series: Inference}},
volume = {132},
year = {2006}
}
@article{Cheung1996,
author = {Cheung, Y. W and Ng, L. K.},
journal = {Journal of Econometrics},
number = {1},
pages = {33--48},
title = {{A Causality-in-Variance Test and Its Application to Financial Market Prices}},
volume = {72},
year = {1996}
}
@article{ling_asymptotic_2003,
author = {Ling, Shiqing and McAleer, Michael},
journal = {Econometric Theory},
number = {02},
pages = {280--310},
title = {{Asymtotic Theory for a Vector ARMA-GARCH Model}},
volume = {19},
year = {2003} 
}
@article{Kass1995,
author = {Kass, Robert E. and Raftery, Adrian E.},
journal = {Journal of the American Statistical Association},
number = {430},
pages = {773--795},
publisher = {American Statistical Association},
title = {{Bayes Factors}},
volume = {90},
year = {1995}
}
@article{Geweke1995,
address = {Minneapolis},
author = {Geweke, John},
journal = {Federal Reserve Bank of Minneapolis},
pages = {1--36},
title = {{Bayesian Comparison of Econometric Models}},
year = {1995}
}
@inbook{geweke1997,
author = {Geweke, John},
booktitle = {Advances in economics and econometrics: theory and applications},
publisher = {Cambridge University Press}, 
series = {Econometric Society Monographs},
title = {{Posterior Simulators in Econometrics}},
volume = {3},
year = {1997}
}
@article{Chib2001,
author = {Chib, Siddhartha and Jeliazkov, Ivan},
journal = {Journal of the American Statistical Association},
number = {453},
pages = {270-- 281},
title = {{Marginal Likelihood from the Metropolis-Hastings Output}},
volume = {96},
year = {2001}
}
@article{Newton1994,
author = {Newton, Michael A. and Raftery, Adrian E.},
journal = {Journal of the Royal Statistical Society. Series B (Methodological)},
number = {1},
pages = {3--48},
title = {{Approximate Bayesian Inference with the Weighted Likelihood Bootstrap}},
volume = {56},
year = {1994}
}
@article{Fruhwirth-Schnatter2004,
author = {Fr\"{u}hwirth-Schnatter, Sylvia},
journal = {Econometrics Journal},
number = {1},
pages = {143--167},
title = {{Estimating Marginal Likelihoods for Mixture and Markov Switching Models Using Bridge Sampling Techniques}},
volume = {7},
year = {2004}
}
@article{Chib1995,
author = {Chib, Siddhartha and Greenberg, Edward},
journal = {The American Statistician},
number = {4},
pages = {327},
title = {{Understanding the Metropolis-Hastings Algorithm}},
volume = {49},
year = {1995}
}
 @Article{coda,
    title = {CODA: Convergence Diagnosis and Output Analysis for MCMC},
    author = {Martyn Plummer and Nicky Best and Kate Cowles and Karen
      Vines},
    journal = {R News},
    year = {2006},
    volume = {6},
    number = {1},
    pages = {7--11},
    url = {http://CRAN.R-project.org/doc/Rnews/},
    pdf = {http://CRAN.R-project.org/doc/Rnews/Rnews_2006-1.pdf}
  }
 @Manual{ccgarch,
    title = {ccgarch: An R Package for Modelling Multivariate GARCH
      Models with Conditional Correlations},
    author = {Tomoaki Nakatani},
    year = {2010},
    note = {R package version 0.2.0, URL
      <http://CRAN.r-project/package=ccgarch>.}
  }

@inbook{hoogerheide2009,
author = {Hoogerheide, Lennart F. and van Dijk, Herman K. and van Oest, R.D.},
booktitle = {Handbook of Computational Econometrics},
chapter = {7},
pages = {215--280},
publisher = {Wiley},
series = {Handbook of Computational Econometrics},
title = {{Simulation Based Bayesian Econometric Inference: Principles and Some Recent Computational Advances}},
year = {2009}
}
@article{Karolyi1995,
author = {Karolyi, G. Andrew},
journal = {Journal of Business \& Economic Statistics},
number = {1},
pages = {11--25},
title = {{A Multivariate GARCH Model of International Transmissions of Stock Returns and Volatility: The Case of the United States and Canada}},
volume = {13},
year = {1995}
}
@book{Lutkepohl2005,
author = {L\"{u}tkepohl, Helmut},
publisher = {Springer},
title = {{New Introduction to Multiple Time Series Analysis}},
year = {2005}
}
@techreport{Jarocinski2011,
author = {Jaroci\'{n}ski, Marek and Ma\'{c}kowiak, Bartosz},
institution = {European Central Bank},
number = {16},
series = {European Central Bank Working Paper Series},
title = {{Granger-Causal-Priority and Choice of Variables in Vector Autoregressions}},
year = {2013}
}


@article{Kim2004,
author = {Kim, T and White, H},
journal = {Finance Research Letters},
number = {1},
pages = {56--73},
title = {{On More Robust Estimation of Skewness and Kurtosis}},
volume = {1},
year = {2004}
}
@article{Lomnicki1961,
author = {Lomnicki, Z.},
journal = {Metrika},
pages = {37--62},
title = {{Test for Departure from Normality in the Case of Linear Stochastic pProcesses}},
volume = {4},
year = {1961}
}
@article{Jarque1980,
author = {Jarque, Carlos M. and Bera, Anil K.},
journal = {Economics Letters},
pages = {255--259},
title = {{Efficient Tests for Normality, Homoscedasticity and Serial Independence of Regression Residuals}},
volume = {6},
year = {1980}
}
@article{Geweke1989,
author = {Geweke, John},
journal = {Econometrica},
number = {6},
pages = {1317--1339},
title = {{Bayesian Inference in Econometric Models Using Monte Carlo Integration}},
volume = {57},
year = {1989}
}
@incollection{Geweke1992,
author = {Geweke, John},
booktitle = {Bayesian Statistics 4},
editor = {Bernardo, Jose M. and Berger, James O. and Dawid, A.P. and Smith, Adrian F. M.},
publisher = {Clarendon Press, Oxford},
title = {{Evaluating the Accuracy of Sampling-Based Approaches to the Calculation of Posterior Moments}},
volume = {148},
year = {1992}
}
@article{Osiewalski2004,
author = {Osiewalski, Jacek and Pipie\'n, Mateusz},
journal = {Journal of Econometrics},
pages = {371--391},
title = {{Bayesian Comparison of Bivariate ARCH-type Models for the Main Exchange Rates in Poland}},
volume = {123},
year = {2004}
}
@article{Miazhynskaia2006,
author = {Miazhynskaia, Tatiana and Dorffner, Georg},
journal = {Statistical Papers},
number = {4},
pages = {525--549},
title = {{A Comparison of Bayesian Model Selection Based on MCMC with an Application to GARCH-type Models}},
volume = {47},
year = {2006}
}
@article{Engle1990,
author = {Engle, Robert F. and Ito, Takatoshi and Lin, Wen-ling},
journal = {Econometrica},
number = {3},
pages = {525--542},
title = {{Meteor Showers or Heat Waves ? Heteroskedastic Intra-Daily Volatility in the Foreign Exchange Market}},
volume = {58},
year = {1990}
}
@article{hafner2006lagrange,
author = {Hafner, Christian M. and Herwartz, Helmut},
journal = {Economics Letters},
number = {1},
pages = {137--141},
title = {{A Lagrange Multiplier Test for Causality in Variance}},
volume = {93},
year = {2006}
}

@article{Bartlett1957,
author = {Bartlett, M. S.},
journal = {Biometrika},
number = {3/4},
pages = {533--534},
title = {{A Comment on D. V. Lindley's Statistical Paradox}},
volume = {44},
year = {1957}
}

@article{Strachan2011,
author = {Strachan, Rodney W. and {Van Dijk}, Herman K.},
journal = {Central European Journal of Economic Modelling and Econometrics},
number = {1},
pages = {1--31},
title = {{Divergent Priors and Well Behaved Bayes Factors}},
volume = {6},
year = {2014}
}


@article{Wozniak2012,
title = {{Testing Causality Between Two Vectors in Multivariate GARCH Models}},
author = {Tomasz Wo\'{z}niak},
year = {2015},
journal = {International Journal of Forecasting},
volume = {31},
number = {3},
pages = {876-894},
note = {DOI: http://dx.doi.org/10.1016/j.ijforecast.2015.01.005}
}


@article{Wozniak2011jm,
title = {{Granger-Causal Analysis of GARCH Models: a Bayesian Approach}},
author = {Tomasz Wo\'{z}niak},
year = {in press},
journal = {Econometric Reviews},
note = {DOI: http://dx.doi.org/10.1080/07474938.2015.1092839}
}


@techreport{Droumaguet2012,
address = {Florence, Italy},
year = {2012},
author = {Droumaguet, Matthieu and Wo\'{z}niak, Tomasz},
institution = {European University Institute,},
keywords = {Gibbs Sampling,Granger Causality,Hypothesis Testing,Markov-Switching Models,Posterior Odds Ratio},
pages = {1--43},
series = {EUI Working Papers},
type = {Working Paper Series,},
title = {{Bayesian Testing of Granger Causality in Markov-Switching VARs}}
}
@article{Pajor2011,
author = {Pajor, Anna},
journal = {Central European Journal of Economic Modelling and Econometrics},
number = {2},
pages = {49--73},
title = {{A Bayesian Analysis of Exogeneity in Models with Latent Variables}},
volume = {3},
year = {2011}
}
@article{Hafner2009a,
author = {Hafner, Christian M. and Preminger, Arie},
journal = {Econometric Theory},
pages = {336--363},
title = {{Asymptotic Theory for a Factor Garch Model}},
volume = {25},
year = {2009}
}
@article{Barnard2000,
author = {Barnard, John and McCulloch, Robert and Meng, Xiao-li},
journal = {Statistica Sinica},
pages = {1281--1311},
title = {{Modeling Covariance Matrices in Terms of Standard Deviations and Correlations, with Applicationto Shrinkage}},
volume = {10},
year = {2000}
}
@article{Florens1985a,
author = {Florens, J. P. and Mouchart, M.},
journal = {Journal of Time Series Analysis},
number = {I},
pages = {15--34},
title = {{Conditioning in Dynamic Models}},
volume = {6},
year = {1985}
}
@article{Florens1982,
author = {Florens, J. P. and Mouchart, M.},
journal = {Econometrica},
number = {3},
pages = {583--591},
title = {{A Note on Noncausality}},
volume = {50},
year = {1982}
}
@article{Engle2002,
author = {Engle, Robert F.},
journal = {Journal of Business \& Economic Statistics},
pages = {339--350},
title = {{Dynamic Conditional Correlation: A Simple Class of Multivariate Generalized Autoregressive Conditional Heteroskedasticity Models}},
volume = {20},
year = {2002}
}
@article{Tse2002,
author = {Tse, Y. K. and Tsui, Albert K. C.},
journal = {Journal of Business \& Economic Statistics},
number = {3},
pages = {351--362},
title = {{A Multivariate Generalized Autoregressive Conditional Heteroscedasticity Model with Time-Varying Correlations}},
volume = {20},
year = {2002}
}

@incollection{Silvennoinen2009,
address = {Berlin, Heidelberg},
author = {Silvennoinen, Annastiina and Ter\"{a}svirta, Timo},
booktitle = {Handbook of Financial Time Series},
editor = {Mikosch, Thomas and Krei\ss, Jens-Peter and Davis, Richard A. and Andersen, Torben Gustav},
publisher = {Springer Berlin Heidelberg},
title = {{Multivariate GARCH models}},
year = {2009}
}
